@misc{esa_gaia_blackholes,
  author       = "{European Space Agency}",
  year = {2023},
  title        = "{Gaia discovers a new family of black holes}",
  howpublished = "\url{https://www.esa.int/Science_Exploration/Space_Science/Gaia/Gaia_discovers_a_new_family_of_black_holes}",
  note         = "[Accessed April 9, 2025]",
}

@misc{schwarzschild1999gravitationalfieldmasspoint,
      title={On the gravitational field of a mass point according to Einstein's theory}, 
      author={K. Schwarzschild},
      year={1999},
      eprint={physics/9905030},
      archivePrefix={arXiv},
      primaryClass={physics.hist-ph},
      url={https://arxiv.org/abs/physics/9905030}, 
}

@book{hartle2003gravity,
  author    = {James B. Hartle},
  title     = {Gravity: An Introduction to Einstein's General Relativity},
  publisher = {Addison Wesley},
  year      = {2003},
  isbn      = {978-0805386622},
}

@book{weinberg1972gravitation,
  author    = {Steven Weinberg},
  title     = {Gravitation and Cosmology: Principles and Applications of the General Theory of Relativity},
  publisher = {John Wiley \& Sons},
  year      = {1972},
  isbn      = {978-0471925675},
}

@misc{dummiesgr_web,
  author = {Ville Hirvonen},
  title = {General Relativity For Dummies: An Intuitive Introduction â€“ Profound Physics},
  howpublished = {\url{https://profoundphysics.com/general-relativity-for-dummies/}},
  note = {Accessed: April 24, 2025},
  year = {2023},
  month = {October},
}

@misc{physicsforums_timedilation,
  author = {stevebd1},
  title = {Time Dilation and Redshift Around a Static Black Hole},
  howpublished = {\url{https://www.physicsforums.com/insights/time-dilation-redshift-static-black-hole/}},
  note = {Accessed: April 24, 2025},
  year = {2017},
  month = {November},
}

@misc{kerr2023blackholessingularities,
      title={Do Black Holes have Singularities?}, 
      author={R. P. Kerr},
      year={2023},
      eprint={2312.00841},
      archivePrefix={arXiv},
      primaryClass={gr-qc},
      url={https://arxiv.org/abs/2312.00841}, 
}

@misc{scienceclic_blackhole,
  author = {ScienceClic English},
  title = {What would we see if we fell into a Black Hole?},
  howpublished = {\url{http://www.youtube.com/watch?v=4rTv9wvvat8}},
  note = {Accessed: April 26, 2025},
  year = {2021},
  month = {Sep},
}

@misc{hamilton_insidebh,
  author = {Andrew Hamilton},
  title = {Inside Black Holes},
  howpublished = {\url{https://jila.colorado.edu/~ajsh/insidebh/index.html}},
  year = {2010},
  note = {Accessed: April 26, 2025},
}

@misc{hamilton_schw,
author = {Andrew Hamilton},
title = {Journey into a Schwarzschild black hole},
howpublished = {\url{https://jila.colorado.edu/~ajsh/bh/schw.html}},
year = {1998},
note = {Accessed: April 26, 2025},
}